@inproceedings{pennington2014glove,
  author = {Jeffrey Pennington and Richard Socher and Christopher D. Manning},
  booktitle = {Empirical Methods in Natural Language Processing (EMNLP)},
  title = {GloVe: Global Vectors for Word Representation},
  year = {2014},
  pages = {1532--1543},
  url = {http://www.aclweb.org/anthology/D14-1162},
}

@inproceedings{imagenet_cvpr09,
        AUTHOR = {Deng, J. and Dong, W. and Socher, R. and Li, L.-J. and Li, K. and Fei-Fei, L.},
        TITLE = {{ImageNet: A Large-Scale Hierarchical Image Database}},
        BOOKTITLE = {CVPR09},
        YEAR = {2009},
        BIBSOURCE = "http://www.image-net.org/papers/imagenet_cvpr09.bib"}


@inproceedings{conse,
title = {Zero-Shot Learning by Convex Combination of Semantic Embeddings},
author  = {Mohammad Norouzi and Tomas Mikolov and Samy Bengio and Yoram Singer and Jonathon Shlens and Andrea Frome and Greg Corrado and Jeffrey Dean},
year  = {2014},
URL = {http://arxiv.org/abs/1312.5650},
booktitle = {International Conference on Learning Representations}
}

@inproceedings{inceptionv1,
title = {Going Deeper with Convolutions},
author  = {Christian Szegedy and Wei Liu and Yangqing Jia and Pierre Sermanet and Scott Reed and Dragomir Anguelov and Dumitru Erhan and Vincent Vanhoucke and Andrew Rabinovich},
year  = {2015},
URL = {http://arxiv.org/abs/1409.4842},
booktitle = {Computer Vision and Pattern Recognition (CVPR)}
}

@incollection{NIPS2013_5204,
title = {DeViSE: A Deep Visual-Semantic Embedding Model},
author = {Frome, Andrea and Corrado, Greg S and Shlens, Jon and Bengio, Samy and Dean, Jeff and Ranzato, Marc\textquotesingle Aurelio and Mikolov, Tomas},
booktitle = {Advances in Neural Information Processing Systems 26},
editor = {C. J. C. Burges and L. Bottou and M. Welling and Z. Ghahramani and K. Q. Weinberger},
pages = {2121--2129},
year = {2013},
publisher = {Curran Associates, Inc.},
url = {http://papers.nips.cc/paper/5204-devise-a-deep-visual-semantic-embedding-model.pdf}
}

@string{cvpr="Conference on Computer Vision and Pattern Recognition (CVPR)"}
@inproceedings{cvpr9,
 title = {Learning To Detect Unseen Object Classes by Between-Class Attribute Transfer},
 author = {C. Lampert and H. Nickisch and S. Harmeling},
 booktitle = {Conference on Computer Vision and Pattern Recognition (CVPR)},
 year = {2009},
}

@inproceedings{cross-modal,
 author = {Socher, Richard and Ganjoo, Milind and Manning, Christopher D. and Ng, Andrew Y.},
 title = {Zero-shot Learning Through Cross-modal Transfer},
 booktitle = {Proceedings of the 26th International Conference on Neural Information Processing Systems - Volume 1},
 series = {NIPS'13},
 year = {2013},
 location = {Lake Tahoe, Nevada},
 pages = {935--943},
 numpages = {9},
 url = {http://dl.acm.org/citation.cfm?id=2999611.2999716},
 acmid = {2999716},
 publisher = {Curran Associates Inc.},
 address = {USA},
} 